[gd_scene load_steps=8 format=2]

[ext_resource path="res://GameOver.gd" type="Script" id=1]
[ext_resource path="res://CrimsonPro-Black.ttf" type="DynamicFontData" id=2]

[sub_resource type="StyleBoxFlat" id=1]
content_margin_left = 50.0
content_margin_right = 50.0
content_margin_top = 30.0
content_margin_bottom = 30.0
bg_color = Color( 0.6, 0.6, 0.6, 0 )

[sub_resource type="DynamicFont" id=2]
size = 75
use_filter = true
font_data = ExtResource( 2 )

[sub_resource type="StyleBoxFlat" id=5]
content_margin_left = 20.0
content_margin_right = 20.0
content_margin_top = 5.0
content_margin_bottom = 10.0
bg_color = Color( 0.733333, 0.733333, 0.733333, 1 )
border_width_left = 6
border_width_top = 6
border_width_right = 6
border_width_bottom = 6
border_color = Color( 0.478431, 0, 0, 1 )
corner_radius_top_left = 4
corner_radius_top_right = 4
corner_radius_bottom_right = 4
corner_radius_bottom_left = 4

[sub_resource type="StyleBoxFlat" id=3]
content_margin_left = 20.0
content_margin_right = 20.0
content_margin_top = 5.0
content_margin_bottom = 10.0
bg_color = Color( 1, 1, 1, 1 )
border_width_left = 6
border_width_top = 6
border_width_right = 6
border_width_bottom = 6
border_color = Color( 0.478431, 0, 0, 1 )
corner_radius_top_left = 4
corner_radius_top_right = 4
corner_radius_bottom_right = 4
corner_radius_bottom_left = 4

[sub_resource type="DynamicFont" id=4]
size = 30
use_filter = true
font_data = ExtResource( 2 )

[node name="GameOver" type="CenterContainer"]
pause_mode = 2
anchor_right = 1.0
anchor_bottom = 1.0
rect_min_size = Vector2( 1920, 1080 )
script = ExtResource( 1 )
__meta__ = {
"_edit_use_anchors_": false
}

[node name="HBoxContainer" type="VBoxContainer" parent="."]
margin_left = 728.0
margin_top = 441.0
margin_right = 1192.0
margin_bottom = 639.0

[node name="Label" type="Label" parent="HBoxContainer"]
margin_right = 464.0
margin_bottom = 145.0
custom_styles/normal = SubResource( 1 )
custom_fonts/font = SubResource( 2 )
custom_colors/font_color_shadow = Color( 0.160784, 0.160784, 0.160784, 0.505882 )
custom_constants/shadow_offset_x = 2
custom_constants/shadow_offset_y = 2
text = "Game Over"

[node name="Button" type="Button" parent="HBoxContainer"]
margin_left = 175.0
margin_top = 149.0
margin_right = 289.0
margin_bottom = 198.0
size_flags_horizontal = 4
size_flags_vertical = 0
custom_styles/hover = SubResource( 5 )
custom_styles/pressed = SubResource( 3 )
custom_styles/normal = SubResource( 3 )
custom_fonts/font = SubResource( 4 )
custom_colors/font_color = Color( 0, 0, 0, 1 )
custom_colors/font_color_hover = Color( 0, 0, 0, 1 )
custom_colors/font_color_pressed = Color( 0, 0, 0, 1 )
text = "Retry"
[connection signal="pressed" from="HBoxContainer/Button" to="." method="_on_Button_pressed"]
