[gd_scene load_steps=10 format=2]

[ext_resource path="res://UnitSelector.gd" type="Script" id=1]
[ext_resource path="res://UnitButton.gd" type="Script" id=2]
[ext_resource path="res://CrimsonPro-Black.ttf" type="DynamicFontData" id=3]

[sub_resource type="StyleBoxFlat" id=1]
bg_color = Color( 0.0941176, 0.0392157, 0.0392157, 1 )

[sub_resource type="StyleBoxFlat" id=2]
content_margin_left = 20.0
content_margin_right = 20.0
content_margin_top = 20.0
content_margin_bottom = 20.0
bg_color = Color( 0.0941176, 0.0392157, 0.0392157, 0 )

[sub_resource type="DynamicFont" id=3]
size = 30
use_filter = true
font_data = ExtResource( 3 )

[sub_resource type="StyleBoxFlat" id=5]
bg_color = Color( 1, 1, 1, 1 )

[sub_resource type="StyleBoxFlat" id=6]
bg_color = Color( 0.835294, 0.835294, 0.835294, 1 )
border_width_top = 6
border_width_bottom = 6
border_color = Color( 0.372549, 0, 0, 1 )

[sub_resource type="StyleBoxFlat" id=4]
bg_color = Color( 0.835294, 0.835294, 0.835294, 1 )

[node name="UnitSelector" type="Panel"]
anchor_left = 0.5
anchor_top = 1.0
anchor_right = 0.5
anchor_bottom = 1.0
margin_left = -320.0
margin_top = -80.0
margin_right = 420.0
size_flags_horizontal = 0
size_flags_vertical = 12
custom_styles/panel = SubResource( 1 )
script = ExtResource( 1 )
__meta__ = {
"_edit_use_anchors_": false
}

[node name="Buttons" type="HBoxContainer" parent="."]
anchor_right = 1.0
anchor_bottom = 1.0
custom_constants/separation = 0
__meta__ = {
"_edit_use_anchors_": false
}

[node name="PopulationLabel" type="Label" parent="Buttons"]
margin_top = 3.0
margin_right = 221.0
margin_bottom = 77.0
size_flags_vertical = 6
custom_styles/normal = SubResource( 2 )
custom_fonts/font = SubResource( 3 )
text = "Population: 0"
align = 2
__meta__ = {
"_edit_use_anchors_": false
}

[node name="Templars" type="Button" parent="Buttons"]
margin_left = 221.0
margin_right = 394.0
margin_bottom = 80.0
size_flags_horizontal = 3
size_flags_vertical = 3
custom_styles/hover = SubResource( 5 )
custom_styles/pressed = SubResource( 6 )
custom_styles/normal = SubResource( 4 )
custom_fonts/font = SubResource( 3 )
custom_colors/font_color = Color( 0.372549, 0, 0, 1 )
custom_colors/font_color_hover = Color( 0.372549, 0, 0, 1 )
custom_colors/font_color_pressed = Color( 0.372549, 0, 0, 1 )
toggle_mode = true
text = "Templars"
script = ExtResource( 2 )
__meta__ = {
"_edit_use_anchors_": false
}
unit_type = "templar"

[node name="Zealots" type="Button" parent="Buttons"]
margin_left = 394.0
margin_right = 567.0
margin_bottom = 80.0
size_flags_horizontal = 3
size_flags_vertical = 3
custom_styles/hover = SubResource( 5 )
custom_styles/pressed = SubResource( 6 )
custom_styles/normal = SubResource( 4 )
custom_fonts/font = SubResource( 3 )
custom_colors/font_color = Color( 0.372549, 0, 0, 1 )
custom_colors/font_color_hover = Color( 0.372549, 0, 0, 1 )
custom_colors/font_color_pressed = Color( 0.372549, 0, 0, 1 )
toggle_mode = true
text = "Zealots"
script = ExtResource( 2 )
__meta__ = {
"_edit_use_anchors_": false
}
unit_type = "berserker"

[node name="Medics" type="Button" parent="Buttons"]
margin_left = 567.0
margin_right = 740.0
margin_bottom = 80.0
size_flags_horizontal = 3
size_flags_vertical = 3
custom_styles/hover = SubResource( 5 )
custom_styles/pressed = SubResource( 6 )
custom_styles/normal = SubResource( 4 )
custom_fonts/font = SubResource( 3 )
custom_colors/font_color_disabled = Color( 0, 0, 0, 1 )
custom_colors/font_color = Color( 0.372549, 0, 0, 1 )
custom_colors/font_color_hover = Color( 0.372549, 0, 0, 1 )
custom_colors/font_color_pressed = Color( 0.372549, 0, 0, 1 )
toggle_mode = true
text = "Medics"
script = ExtResource( 2 )
__meta__ = {
"_edit_use_anchors_": false
}
unit_type = "medic"
